<?xml version="1.0" encoding="UTF-8"?><collection xmlns="http://www.loc.gov/MARC21/slim"><record><leader>00556nam--2200193-i-4500</leader><controlfield tag="001">000031354</controlfield><controlfield tag="002">20161230</controlfield><controlfield tag="005">20161230201038</controlfield><controlfield tag="008">060222s1000------------r-----000-0-eng-d</controlfield><datafield ind1=" " ind2=" " tag="020"><subfield code="a">0677301804</subfield></datafield><datafield ind1=" " ind2=" " tag="040"><subfield code="a">IFIN-HH</subfield></datafield><datafield ind1=" " ind2=" " tag="080"><subfield code="a">538.913:538.938</subfield></datafield><datafield ind1="1" ind2=" " tag="100"><subfield code="a">Mathieu, J.P.And Poulet, H</subfield></datafield><datafield ind1="1" ind2="0" tag="245"><subfield code="a">Vibration spectra and symmetry of crystals</subfield><subfield code="b">Translated by a. simievic</subfield><subfield code="c">J.p. mathieu, h. poulet</subfield></datafield><datafield ind1=" " ind2=" " tag="260"><subfield code="a">New York</subfield><subfield code="b">Gordon And Breach</subfield><subfield code="c">1978</subfield></datafield><datafield ind1=" " ind2=" " tag="300"><subfield code="a">XIV + 571P</subfield></datafield><datafield ind1="1" ind2=" " tag="700"><subfield code="a">Poulet, H</subfield></datafield><datafield ind1=" " ind2=" " tag="852"><subfield code="a">45506</subfield><subfield code="c">539.2</subfield></datafield><datafield ind1=" " ind2=" " tag="CAT"><subfield code="a">Sys</subfield><subfield code="c">20121026</subfield><subfield code="h">123540</subfield></datafield></record></collection>